%% Para forçar o latex a compilar com um nome desejado, coloque {{Nome}}. Por exemplo, veja o modelo do LM741, queremos que Texas Instruments não seja abreviado (visto que não é um nome e sobrenome de autor e sim uma empresa). Portanto, colocamos author = {{Texas Instruments}}. O mesmo ocorre em title = {{LM741} Operational Amplifier}, visto que LM741 é uma sigla e deve ficar toda em maísculo.

@book{Livro_Ogata, 
title={Engenharia de Controle moderno}, 
publisher={Pearson Prentice Hall}, 
author={Ogata, Katsuhiko}, 
year={2011},
address={S\~ao Paulo}
} 

@book{Livro_Boylestad, 
title={Dispositivos Eletrônicos e Teoria dos Circuitos}, 
publisher={Pearson Universidades}, 
author={Robert L. Boylestad and Louis Nashelsky}, 
year={2013},
address={S\~ao Paulo},
note = {11ed.}
} 

@article{petry2012metodologia,
  title={Metodologia de projeto de retificadores com filtro capacitivo},
  author={Petry, Cl{\'o}vis Ant{\^o}nio},
  journal={Revista Ilha Digital},
  volume={3},
  pages={77--85},
  year={2012}
}

%% Outros exemplos:

@article{MinwooShamim13,
	AUTHOR =     {Minwoo Chang and Shamim N. Pakzad},
	TITLE =      {Modified Natural Excitation Technique for Stochastic Modal Identification},
	JOURNAL =    {Journal of Structural Engineering},
	YEAR =       {2013},
	volume =     {139},
	number =     {10},
	pages =      {1753-1762},
	doi =        {10.1061/(ASCE)ST.1943-541X.0000559}
}

@INPROCEEDINGS{Bordalo89,
  AUTHOR =       {S N Bordalo and J H Ferziger and S J Kline},
  TITLE =        {The Development of Zonal Models for Turbulence},
  BOOKTITLE =    {Proceedings of the 10th Brazilian Congress of Mechanical Engineering},
  YEAR =         {1989},
  volume =       {1},
  address =      {Rio de Janeiro, Brazil},
  organization = {ABCM},
  pages =        {41-44},

}

@BOOK{Coimbra78,
  AUTHOR =       {A L Coimbra},
  TITLE =        {Lessons of Continuum Mechanics},
  PUBLISHER =    {Ed. Edgard Bl\"{u}cher},
  YEAR =         {1978},
  address =      {S\~{a}o Paulo, Brazil},
  note =         {428 p}
}

@TECHREPORT{Clark86,
  AUTHOR =       {J A Clark},
  INSTITUTION =  {University of Michigan},
  YEAR =         {1986},
  title =         {Private Communication},
  address =      {Ann Harbor},
}

@ARTICLE{Sparrow80,
  AUTHOR =       {E M Sparrow},
  TITLE =        {Forced Convection Heat Transfer in a Duct Having Spanwise-Periodic Rectangular Protuberances},
  JOURNAL =      {Numerical Heat Transfer},
  YEAR =         {1980},
  volume =       {3},
  pages =        {149-167},
}

@misc{LM741,
    author = {{Texas Instruments}},
    title = {{LM741} Operational Amplifier},
    year = {1998},
    month = {May},
    note = {Datasheet}
}